@article{can_user_level_probing,
  title={Can user-level probing detect and diagnose common home-WLAN pathologies},
  author={Kanuparthy, Partha and Dovrolis, Constantine and Papagiannaki, Konstantina and Seshan, Srinivasan and Steenkiste, Peter},
  journal={ACM SIGCOMM Computer Communication Review},
  volume={42},
  number={1},
  pages={7--15},
  year={2012},
  publisher={ACM}
}


@article{hostview,
  title={HostView: Annotating end-host performance measurements with user feedback},
  author={Joumblatt, Diana and Teixeira, Renata and Chandrashekar, Jaideep and Taft, Nina},
  journal={ACM SIGMETRICS Performance Evaluation Review},
  volume={38},
  number={3},
  pages={43--48},
  year={2011},
  publisher={ACM}
}


@inproceedings{measuring_user_traffic,
  title={Measuring the performance of user traffic in home wireless networks},
  author={Sundaresan, Srikanth and Feamster, Nick and Teixeira, Renata},
  booktitle={International Conference on Passive and Active Network Measurement},
  pages={305--317},
  year={2015},
  organization={Springer}
}


@inproceedings{observing_through_wifi_APs,
  title={Observing home wireless experience through wifi aps},
  author={Patro, Ashish and Govindan, Srinivas and Banerjee, Suman},
  booktitle={Proceedings of the 19th annual international conference on Mobile computing \& networking},
  pages={339--350},
  year={2013},
  organization={ACM}
}

@article{active_passive_survey,
  title={Active and passive network measurements: a survey},
  author={Mohan, Venkat and Reddy, YR Janardhan and Kalpana, K},
  journal={International Journal of Computer Science and Information Technologies},
  volume={2},
  number={4},
  pages={1372--1385},
  year={2011},
  publisher={Citeseer}
}


@inproceedings{WLAN_Troubleshooting,
  title={Enabling wireless lan troubleshooting},
  author={Syrigos, Ilias and Keranidis, Stratos and Korakis, Thanasis and Dovrolis, Constantine},
  booktitle={International Conference on Passive and Active Network Measurement},
  pages={318--331},
  year={2015},
  organization={Springer}
}

@phdthesis{predicting_effect_Home_Wifi,
  title={Predicting the effect of home Wi-Fi quality on QoE},
  author={Da Hora, Diego and Van Doorselaer, Karel and Van Oost, Koen and Teixeira, Renata},
  year={2018},
  school={INRIA; Technicolor; Telecom ParisTech}
}


@inproceedings{passive_wifi_capacity_estimation,
  title={Passive wi-fi link capacity estimation on commodity access points},
  author={da Hora, Diego Neves and Van Doorselaer, Karel and Van Oost, Koen and Teixeira, Renata and Diot, Christophe},
  booktitle={Traffic Monitoring and Analysis Workshop (TMA) 2016},
  year={2016}
}

